@article{ho1981,
  title = {The {{Determinants}} of {{Bank Interest Margins}}: {{Theory}} and {{Empirical Evidence}}},
  shorttitle = {The {{Determinants}} of {{Bank Interest Margins}}},
  author = {Ho, Thomas S. Y. and Saunders, Anthony},
  year = {1981},
  month = nov,
  journal = {The Journal of Financial and Quantitative Analysis},
  volume = {16},
  number = {4},
  eprint = {2330377},
  eprinttype = {jstor},
  pages = {581},
  publisher = {JSTOR},
  issn = {0022-1090},
  doi = {10.2307/2330377},
  urldate = {2025-07-07}
}

@article{holmstromFinancialIntermediationLoanable1997,
  title = {Financial {{Intermediation}}, {{Loanable Funds}}, and {{The Real Sector}}},
  author = {Holmstrom, B. and Tirole, J.},
  year = {1997},
  month = aug,
  journal = {The Quarterly Journal of Economics},
  volume = {112},
  number = {3},
  pages = {663--691},
  issn = {0033-5533, 1531-4650},
  doi = {10.1162/003355397555316},
  urldate = {2025-02-24},
  langid = {english}
}
