@book{tolkien2012fellowship,
  title={The Fellowship of the Ring: Being the first part of The Lord of the Rings},
  author={Tolkien, John Ronald Reuel},
  volume={1},
  year={2012},
  publisher={Houghton Mifflin Harcourt},
  address={England, UK}
}